Summary for Savings Accounts - EUR
Description,Amount
Saldo początkowe,"8 829,13€"
Suma wpłat,"13 056,24€"
Suma wypłat,"21 967,74€"
Łączna kwota zarobionych odsetek,"82,37€"
Podatek ogółem,0€
Opłaty ogółem,0€
Saldo końcowe,0€

Summary for Savings Accounts - PLN
Description,Amount
Saldo początkowe,"10 130,50 PLN"
Suma wpłat,"228 577,90 PLN"
Suma wypłat,"235 670,58 PLN"
Łączna kwota zarobionych odsetek,"723,05 PLN"
Podatek ogółem,0 PLN
Opłaty ogółem,0 PLN
Saldo końcowe,"3 760,87 PLN"

Transactions for Savings Accounts - EUR
Date,Description,Money out,Money in,Balance
1 sty 2024,Interest earned,,"0,26€","8 829,39€"
2 sty 2024,Interest earned,,"0,27€","8 829,66€"
3 sty 2024,Interest earned,,"0,26€","8 829,92€"
4 sty 2024,Interest earned,,"0,27€","8 830,19€"
5 sty 2024,Interest earned,,"0,26€","8 830,45€"
6 sty 2024,Interest earned,,"0,27€","8 830,72€"
7 sty 2024,Interest earned,,"0,26€","8 830,98€"
8 sty 2024,Interest earned,,"0,27€","8 831,25€"
9 sty 2024,Interest earned,,"0,27€","8 831,52€"
10 sty 2024,Interest earned,,"0,26€","8 831,78€"
11 sty 2024,Interest earned,,"0,27€","8 832,05€"
12 sty 2024,Interest earned,,"0,26€","8 832,31€"
13 sty 2024,Interest earned,,"0,27€","8 832,58€"
14 sty 2024,Interest earned,,"0,26€","8 832,84€"
15 sty 2024,Interest earned,,"0,27€","8 833,11€"
16 sty 2024,Interest earned,,"0,26€","8 833,37€"
17 sty 2024,Interest earned,,"0,27€","8 833,64€"
18 sty 2024,Interest earned,,"0,26€","8 833,90€"
19 sty 2024,Interest earned,,"0,27€","8 834,17€"
20 sty 2024,Interest earned,,"0,27€","8 834,44€"
21 sty 2024,Interest earned,,"0,26€","8 834,70€"
22 sty 2024,Interest earned,,"0,27€","8 834,97€"
22 sty 2024,Withdrawing savings,190€,,"8 644,97€"
23 sty 2024,Interest earned,,"0,26€","8 645,23€"
24 sty 2024,Interest earned,,"0,26€","8 645,49€"
25 sty 2024,Interest earned,,"0,26€","8 645,75€"
26 sty 2024,Interest earned,,"0,26€","8 646,01€"
27 sty 2024,Interest earned,,"0,26€","8 646,27€"
27 sty 2024,Withdrawing savings,300€,,"8 346,27€"
28 sty 2024,Interest earned,,"0,26€","8 346,53€"
29 sty 2024,Interest earned,,"0,26€","8 346,79€"
30 sty 2024,Interest earned,,"0,25€","8 347,04€"
31 sty 2024,Interest earned,,"0,25€","8 347,29€"
1 lut 2024,Interest earned,,"0,25€","8 347,54€"
2 lut 2024,Interest earned,,"0,25€","8 347,79€"
3 lut 2024,Interest earned,,"0,26€","8 348,05€"
4 lut 2024,Interest earned,,"0,25€","8 348,30€"
5 lut 2024,Interest earned,,"0,25€","8 348,55€"
6 lut 2024,Interest earned,,"0,25€","8 348,80€"
7 lut 2024,Interest earned,,"0,25€","8 349,05€"
8 lut 2024,Interest earned,,"0,25€","8 349,30€"
9 lut 2024,Interest earned,,"0,25€","8 349,55€"
10 lut 2024,Interest earned,,"0,25€","8 349,80€"
11 lut 2024,Interest earned,,"0,25€","8 350,05€"
12 lut 2024,Interest earned,,"0,25€","8 350,30€"
13 lut 2024,Interest earned,,"0,25€","8 350,55€"
14 lut 2024,Interest earned,,"0,26€","8 350,81€"
15 lut 2024,Interest earned,,"0,25€","8 351,06€"
16 lut 2024,Interest earned,,"0,25€","8 351,31€"
16 lut 2024,Depositing savings,,150€,"8 501,31€"
17 lut 2024,Interest earned,,"0,25€","8 501,56€"
17 lut 2024,Withdrawing savings,1 900€,,"6 601,56€"
18 lut 2024,Interest earned,,"0,26€","6 601,82€"
19 lut 2024,Interest earned,,"0,25€","6 602,07€"
20 lut 2024,Interest earned,,"0,20€","6 602,27€"
21 lut 2024,Interest earned,,"0,20€","6 602,47€"
22 lut 2024,Interest earned,,"0,20€","6 602,67€"
23 lut 2024,Interest earned,,"0,20€","6 602,87€"
24 lut 2024,Interest earned,,"0,20€","6 603,07€"
25 lut 2024,Interest earned,,"0,19€","6 603,26€"
26 lut 2024,Interest earned,,"0,20€","6 603,46€"
27 lut 2024,Interest earned,,"0,20€","6 603,66€"
28 lut 2024,Interest earned,,"0,20€","6 603,86€"
29 lut 2024,Interest earned,,"0,20€","6 604,06€"
1 mar 2024,Interest earned,,"0,20€","6 604,26€"
1 mar 2024,Withdrawing savings,40€,,"6 564,26€"
2 mar 2024,Interest earned,,"0,20€","6 564,46€"
3 mar 2024,Interest earned,,"0,19€","6 564,65€"
4 mar 2024,Interest earned,,"0,20€","6 564,85€"
5 mar 2024,Interest earned,,"0,20€","6 565,05€"
5 mar 2024,Withdrawing savings,20€,,"6 545,05€"
6 mar 2024,Interest earned,,"0,20€","6 545,25€"
7 mar 2024,Interest earned,,"0,19€","6 545,44€"
8 mar 2024,Interest earned,,"0,20€","6 545,64€"
9 mar 2024,Interest earned,,"0,20€","6 545,84€"
10 mar 2024,Interest earned,,"0,19€","6 546,03€"
11 mar 2024,Interest earned,,"0,20€","6 546,23€"
12 mar 2024,Interest earned,,"0,20€","6 546,43€"
13 mar 2024,Interest earned,,"0,19€","6 546,62€"
14 mar 2024,Interest earned,,"0,20€","6 546,82€"
15 mar 2024,Interest earned,,"0,20€","6 547,02€"
16 mar 2024,Interest earned,,"0,19€","6 547,21€"
17 mar 2024,Interest earned,,"0,20€","6 547,41€"
18 mar 2024,Interest earned,,"0,20€","6 547,61€"
19 mar 2024,Interest earned,,"0,19€","6 547,80€"
20 mar 2024,Interest earned,,"0,20€",6 548€
21 mar 2024,Interest earned,,"0,20€","6 548,20€"
22 mar 2024,Interest earned,,"0,20€","6 548,40€"
23 mar 2024,Interest earned,,"0,19€","6 548,59€"
24 mar 2024,Interest earned,,"0,20€","6 548,79€"
25 mar 2024,Interest earned,,"0,20€","6 548,99€"
26 mar 2024,Interest earned,,"0,19€","6 549,18€"
27 mar 2024,Interest earned,,"0,20€","6 549,38€"
28 mar 2024,Interest earned,,"0,20€","6 549,58€"
29 mar 2024,Interest earned,,"0,19€","6 549,77€"
30 mar 2024,Interest earned,,"0,20€","6 549,97€"
31 mar 2024,Interest earned,,"0,20€","6 550,17€"
1 kwi 2024,Interest earned,,"0,19€","6 550,36€"
2 kwi 2024,Interest earned,,"0,20€","6 550,56€"
3 kwi 2024,Interest earned,,"0,20€","6 550,76€"
4 kwi 2024,Interest earned,,"0,19€","6 550,95€"
5 kwi 2024,Interest earned,,"0,20€","6 551,15€"
6 kwi 2024,Interest earned,,"0,20€","6 551,35€"
7 kwi 2024,Interest earned,,"0,19€","6 551,54€"
8 kwi 2024,Interest earned,,"0,20€","6 551,74€"
9 kwi 2024,Interest earned,,"0,20€","6 551,94€"
10 kwi 2024,Interest earned,,"0,20€","6 552,14€"
11 kwi 2024,Interest earned,,"0,19€","6 552,33€"
12 kwi 2024,Interest earned,,"0,24€","6 552,57€"
12 kwi 2024,Depositing savings,,"3 620,48€","10 173,05€"
13 kwi 2024,Interest earned,,"0,25€","10 173,30€"
14 kwi 2024,Interest earned,,"0,24€","10 173,54€"
15 kwi 2024,Interest earned,,"0,24€","10 173,78€"
16 kwi 2024,Interest earned,,"0,37€","10 174,15€"
17 kwi 2024,Interest earned,,"0,38€","10 174,53€"
18 kwi 2024,Interest earned,,"0,38€","10 174,91€"
19 kwi 2024,Interest earned,,"0,37€","10 175,28€"
20 kwi 2024,Interest earned,,"0,38€","10 175,66€"
21 kwi 2024,Interest earned,,"0,37€","10 176,03€"
22 kwi 2024,Interest earned,,"0,38€","10 176,41€"
23 kwi 2024,Interest earned,,"0,37€","10 176,78€"
24 kwi 2024,Interest earned,,"0,38€","10 177,16€"
25 kwi 2024,Interest earned,,"0,37€","10 177,53€"
26 kwi 2024,Interest earned,,"0,38€","10 177,91€"
27 kwi 2024,Interest earned,,"0,37€","10 178,28€"
28 kwi 2024,Interest earned,,"0,38€","10 178,66€"
29 kwi 2024,Interest earned,,"0,37€","10 179,03€"
30 kwi 2024,Interest earned,,"0,38€","10 179,41€"
1 maj 2024,Interest earned,,"0,38€","10 179,79€"
2 maj 2024,Interest earned,,"0,37€","10 180,16€"
2 maj 2024,Withdrawing savings,165€,,"10 015,16€"
3 maj 2024,Interest earned,,"0,38€","10 015,54€"
4 maj 2024,Interest earned,,"0,37€","10 015,91€"
5 maj 2024,Interest earned,,"0,38€","10 016,29€"
6 maj 2024,Interest earned,,"0,37€","10 016,66€"
7 maj 2024,Interest earned,,"0,37€","10 017,03€"
8 maj 2024,Interest earned,,"0,37€","10 017,40€"
9 maj 2024,Interest earned,,"0,37€","10 017,77€"
10 maj 2024,Interest earned,,"0,37€","10 018,14€"
11 maj 2024,Interest earned,,"0,37€","10 018,51€"
12 maj 2024,Interest earned,,"0,37€","10 018,88€"
13 maj 2024,Interest earned,,"0,37€","10 019,25€"
14 maj 2024,Interest earned,,"0,37€","10 019,62€"
15 maj 2024,Interest earned,,"0,37€","10 019,99€"
16 maj 2024,Interest earned,,"0,37€","10 020,36€"
16 maj 2024,Withdrawing savings,"1 912,50€",,"8 107,86€"
17 maj 2024,Interest earned,,"0,37€","8 108,23€"
18 maj 2024,Interest earned,,"0,30€","8 108,53€"
19 maj 2024,Interest earned,,"0,30€","8 108,83€"
20 maj 2024,Interest earned,,"0,29€","8 109,12€"
21 maj 2024,Interest earned,,"0,30€","8 109,42€"
22 maj 2024,Interest earned,,"0,30€","8 109,72€"
23 maj 2024,Interest earned,,"0,30€","8 110,02€"
24 maj 2024,Interest earned,,"0,30€","8 110,32€"
25 maj 2024,Interest earned,,"0,30€","8 110,62€"
26 maj 2024,Interest earned,,"0,30€","8 110,92€"
27 maj 2024,Interest earned,,"0,30€","8 111,22€"
28 maj 2024,Interest earned,,"0,30€","8 111,52€"
29 maj 2024,Interest earned,,"0,30€","8 111,82€"
30 maj 2024,Interest earned,,"0,30€","8 112,12€"
31 maj 2024,Interest earned,,"0,30€","8 112,42€"
1 cze 2024,Interest earned,,"0,29€","8 112,71€"
2 cze 2024,Interest earned,,"0,30€","8 113,01€"
3 cze 2024,Interest earned,,"0,30€","8 113,31€"
4 cze 2024,Interest earned,,"0,30€","8 113,61€"
4 cze 2024,Depositing savings,,2 320€,"10 433,61€"
5 cze 2024,Interest earned,,"0,30€","10 433,91€"
6 cze 2024,Interest earned,,"0,39€","10 434,30€"
7 cze 2024,Interest earned,,"0,38€","10 434,68€"
8 cze 2024,Interest earned,,"0,39€","10 435,07€"
9 cze 2024,Interest earned,,"0,38€","10 435,45€"
10 cze 2024,Interest earned,,"0,39€","10 435,84€"
11 cze 2024,Interest earned,,"0,38€","10 436,22€"
12 cze 2024,Interest earned,,"0,39€","10 436,61€"
13 cze 2024,Interest earned,,"0,38€","10 436,99€"
14 cze 2024,Interest earned,,"0,39€","10 437,38€"
15 cze 2024,Interest earned,,"0,38€","10 437,76€"
16 cze 2024,Interest earned,,"0,39€","10 438,15€"
17 cze 2024,Interest earned,,"0,38€","10 438,53€"
18 cze 2024,Interest earned,,"0,39€","10 438,92€"
19 cze 2024,Interest earned,,"0,38€","10 439,30€"
20 cze 2024,Interest earned,,"0,39€","10 439,69€"
21 cze 2024,Interest earned,,"0,38€","10 440,07€"
22 cze 2024,Interest earned,,"0,39€","10 440,46€"
23 cze 2024,Interest earned,,"0,38€","10 440,84€"
23 cze 2024,Withdrawing savings,350€,,"10 090,84€"
24 cze 2024,Interest earned,,"0,39€","10 091,23€"
24 cze 2024,Depositing savings,,2 300€,"12 391,23€"
25 cze 2024,Interest earned,,"0,37€","12 391,60€"
26 cze 2024,Interest earned,,"0,46€","12 392,06€"
27 cze 2024,Interest earned,,"0,45€","12 392,51€"
28 cze 2024,Interest earned,,"0,46€","12 392,97€"
29 cze 2024,Interest earned,,"0,46€","12 393,43€"
30 cze 2024,Interest earned,,"0,45€","12 393,88€"
1 lip 2024,Interest earned,,"0,46€","12 394,34€"
2 lip 2024,Interest earned,,"0,46€","12 394,80€"
3 lip 2024,Interest earned,,"0,46€","12 395,26€"
4 lip 2024,Interest earned,,"0,45€","12 395,71€"
5 lip 2024,Interest earned,,"0,46€","12 396,17€"
6 lip 2024,Interest earned,,"0,46€","12 396,63€"
6 lip 2024,Withdrawing savings,100€,,"12 296,63€"
7 lip 2024,Interest earned,,"0,45€","12 297,08€"
7 lip 2024,Withdrawing savings,100€,,"12 197,08€"
8 lip 2024,Interest earned,,"0,46€","12 197,54€"
8 lip 2024,Withdrawing savings,200€,,"11 997,54€"
9 lip 2024,Interest earned,,"0,45€","11 997,99€"
9 lip 2024,Withdrawing savings,150€,,"11 847,99€"
10 lip 2024,Interest earned,,"0,44€","11 848,43€"
10 lip 2024,Withdrawing savings,300€,,"11 548,43€"
10 lip 2024,Withdrawing savings,200€,,"11 348,43€"
11 lip 2024,Interest earned,,"0,44€","11 348,87€"
12 lip 2024,Interest earned,,"0,42€","11 349,29€"
12 lip 2024,Withdrawing savings,200€,,"11 149,29€"
13 lip 2024,Interest earned,,"0,42€","11 149,71€"
13 lip 2024,Withdrawing savings,200€,,"10 949,71€"
14 lip 2024,Interest earned,,"0,42€","10 950,13€"
14 lip 2024,Withdrawing savings,60€,,"10 890,13€"
14 lip 2024,Depositing savings,,"34,12€","10 924,25€"
15 lip 2024,Interest earned,,"0,42€","10 924,67€"
16 lip 2024,Interest earned,,"0,40€","10 925,07€"
17 lip 2024,Interest earned,,"0,40€","10 925,47€"
18 lip 2024,Interest earned,,"0,40€","10 925,87€"
19 lip 2024,Interest earned,,"0,41€","10 926,28€"
20 lip 2024,Interest earned,,"0,40€","10 926,68€"
21 lip 2024,Interest earned,,"0,40€","10 927,08€"
22 lip 2024,Interest earned,,"0,41€","10 927,49€"
23 lip 2024,Interest earned,,"0,40€","10 927,89€"
24 lip 2024,Interest earned,,"0,40€","10 928,29€"
25 lip 2024,Interest earned,,"0,41€","10 928,70€"
26 lip 2024,Interest earned,,"0,40€","10 929,10€"
27 lip 2024,Interest earned,,"0,40€","10 929,50€"
27 lip 2024,Withdrawing savings,6 000€,,"4 929,50€"
27 lip 2024,Depositing savings,,"83,73€","5 013,23€"
28 lip 2024,Interest earned,,"0,41€","5 013,64€"
29 lip 2024,Interest earned,,"0,40€","5 014,04€"
29 lip 2024,Depositing savings,,"278,17€","5 292,21€"
30 lip 2024,Interest earned,,"0,18€","5 292,39€"
31 lip 2024,Interest earned,,"0,20€","5 292,59€"
1 sie 2024,Interest earned,,"0,19€","5 292,78€"
2 sie 2024,Interest earned,,"0,20€","5 292,98€"
3 sie 2024,Interest earned,,"0,19€","5 293,17€"
4 sie 2024,Interest earned,,"0,20€","5 293,37€"
5 sie 2024,Interest earned,,"0,20€","5 293,57€"
6 sie 2024,Interest earned,,"0,19€","5 293,76€"
7 sie 2024,Interest earned,,"0,20€","5 293,96€"
8 sie 2024,Interest earned,,"0,19€","5 294,15€"
9 sie 2024,Interest earned,,"0,20€","5 294,35€"
10 sie 2024,Interest earned,,"0,19€","5 294,54€"
11 sie 2024,Interest earned,,"0,20€","5 294,74€"
12 sie 2024,Interest earned,,"0,19€","5 294,93€"
13 sie 2024,Interest earned,,"0,20€","5 295,13€"
14 sie 2024,Interest earned,,"0,19€","5 295,32€"
15 sie 2024,Interest earned,,"0,20€","5 295,52€"
16 sie 2024,Interest earned,,"0,19€","5 295,71€"
17 sie 2024,Interest earned,,"0,20€","5 295,91€"
18 sie 2024,Interest earned,,"0,19€","5 296,10€"
19 sie 2024,Interest earned,,"0,20€","5 296,30€"
20 sie 2024,Interest earned,,"0,19€","5 296,49€"
21 sie 2024,Interest earned,,"0,20€","5 296,69€"
22 sie 2024,Interest earned,,"0,20€","5 296,89€"
23 sie 2024,Interest earned,,"0,19€","5 297,08€"
24 sie 2024,Interest earned,,"0,20€","5 297,28€"
25 sie 2024,Interest earned,,"0,19€","5 297,47€"
26 sie 2024,Interest earned,,"0,20€","5 297,67€"
26 sie 2024,Depositing savings,,52€,"5 349,67€"
27 sie 2024,Interest earned,,"0,19€","5 349,86€"
28 sie 2024,Interest earned,,"0,20€","5 350,06€"
29 sie 2024,Interest earned,,"0,20€","5 350,26€"
30 sie 2024,Interest earned,,"0,19€","5 350,45€"
31 sie 2024,Interest earned,,"0,20€","5 350,65€"
1 wrz 2024,Interest earned,,"0,20€","5 350,85€"
2 wrz 2024,Interest earned,,"0,20€","5 351,05€"
2 wrz 2024,Withdrawing savings,"7,50€",,"5 343,55€"
2 wrz 2024,Depositing savings,,"0,18€","5 343,73€"
3 wrz 2024,Interest earned,,"0,19€","5 343,92€"
4 wrz 2024,Interest earned,,"0,20€","5 344,12€"
4 wrz 2024,Depositing savings,,"169,37€","5 513,49€"
5 wrz 2024,Interest earned,,"0,20€","5 513,69€"
6 wrz 2024,Interest earned,,"0,20€","5 513,89€"
7 wrz 2024,Interest earned,,"0,20€","5 514,09€"
8 wrz 2024,Interest earned,,"0,21€","5 514,30€"
9 wrz 2024,Interest earned,,"0,20€","5 514,50€"
9 wrz 2024,Depositing savings,,"224,31€","5 738,81€"
9 wrz 2024,Withdrawing savings,4 000€,,"1 738,81€"
9 wrz 2024,Depositing savings,,"225,39€","1 964,20€"
10 wrz 2024,Interest earned,,"0,20€","1 964,40€"
11 wrz 2024,Interest earned,,"0,08€","1 964,48€"
12 wrz 2024,Interest earned,,"0,07€","1 964,55€"
13 wrz 2024,Interest earned,,"0,07€","1 964,62€"
14 wrz 2024,Interest earned,,"0,07€","1 964,69€"
15 wrz 2024,Interest earned,,"0,08€","1 964,77€"
16 wrz 2024,Interest earned,,"0,07€","1 964,84€"
17 wrz 2024,Interest earned,,"0,07€","1 964,91€"
17 wrz 2024,Depositing savings,,"169,20€","2 134,11€"
18 wrz 2024,Interest earned,,"0,07€","2 134,18€"
18 wrz 2024,Withdrawing savings,120€,,"2 014,18€"
19 wrz 2024,Interest earned,,"0,08€","2 014,26€"
19 wrz 2024,Depositing savings,,229€,"2 243,26€"
20 wrz 2024,Interest earned,,"0,07€","2 243,33€"
21 wrz 2024,Interest earned,,"0,09€","2 243,42€"
22 wrz 2024,Interest earned,,"0,08€","2 243,50€"
23 wrz 2024,Interest earned,,"0,08€","2 243,58€"
24 wrz 2024,Interest earned,,"0,08€","2 243,66€"
25 wrz 2024,Interest earned,,"0,09€","2 243,75€"
26 wrz 2024,Interest earned,,"0,08€","2 243,83€"
27 wrz 2024,Interest earned,,"0,08€","2 243,91€"
27 wrz 2024,Depositing savings,,59€,"2 302,91€"
28 wrz 2024,Interest earned,,"0,09€",2 303€
29 wrz 2024,Interest earned,,"0,08€","2 303,08€"
30 wrz 2024,Interest earned,,"0,08€","2 303,16€"
1 paź 2024,Interest earned,,"0,09€","2 303,25€"
2 paź 2024,Interest earned,,"0,08€","2 303,33€"
3 paź 2024,Interest earned,,"0,09€","2 303,42€"
4 paź 2024,Interest earned,,"0,08€","2 303,50€"
5 paź 2024,Interest earned,,"0,09€","2 303,59€"
6 paź 2024,Interest earned,,"0,08€","2 303,67€"
7 paź 2024,Interest earned,,"0,09€","2 303,76€"
8 paź 2024,Interest earned,,"0,08€","2 303,84€"
9 paź 2024,Interest earned,,"0,09€","2 303,93€"
10 paź 2024,Interest earned,,"0,08€","2 304,01€"
11 paź 2024,Interest earned,,"0,09€","2 304,10€"
11 paź 2024,Depositing savings,,"79,80€","2 383,90€"
12 paź 2024,Interest earned,,"0,08€","2 383,98€"
13 paź 2024,Interest earned,,"0,09€","2 384,07€"
14 paź 2024,Interest earned,,"0,08€","2 384,15€"
15 paź 2024,Interest earned,,"0,09€","2 384,24€"
16 paź 2024,Interest earned,,"0,09€","2 384,33€"
17 paź 2024,Interest earned,,"0,08€","2 384,41€"
18 paź 2024,Interest earned,,"0,09€","2 384,50€"
19 paź 2024,Interest earned,,"0,09€","2 384,59€"
20 paź 2024,Interest earned,,"0,09€","2 384,68€"
21 paź 2024,Interest earned,,"0,09€","2 384,77€"
22 paź 2024,Interest earned,,"0,08€","2 384,85€"
23 paź 2024,Interest earned,,"0,09€","2 384,94€"
24 paź 2024,Interest earned,,"0,09€","2 385,03€"
25 paź 2024,Interest earned,,"0,09€","2 385,12€"
26 paź 2024,Interest earned,,"0,09€","2 385,21€"
27 paź 2024,Interest earned,,"0,08€","2 385,29€"
28 paź 2024,Interest earned,,"0,09€","2 385,38€"
29 paź 2024,Interest earned,,"0,12€","2 385,50€"
30 paź 2024,Interest earned,,"0,12€","2 385,62€"
30 paź 2024,Depositing savings,,"3 061,49€","5 447,11€"
31 paź 2024,Interest earned,,"0,12€","5 447,23€"
1 lis 2024,Interest earned,,"0,28€","5 447,51€"
2 lis 2024,Interest earned,,"0,27€","5 447,78€"
3 lis 2024,Interest earned,,"0,28€","5 448,06€"
4 lis 2024,Interest earned,,"0,27€","5 448,33€"
5 lis 2024,Interest earned,,"0,28€","5 448,61€"
6 lis 2024,Interest earned,,"0,28€","5 448,89€"
7 lis 2024,Interest earned,,"0,27€","5 449,16€"
8 lis 2024,Interest earned,,"0,28€","5 449,44€"
9 lis 2024,Interest earned,,"0,27€","5 449,71€"
10 lis 2024,Interest earned,,"0,28€","5 449,99€"
11 lis 2024,Interest earned,,"0,27€","5 450,26€"
12 lis 2024,Interest earned,,"0,28€","5 450,54€"
13 lis 2024,Interest earned,,"0,27€","5 450,81€"
14 lis 2024,Interest earned,,"0,28€","5 451,09€"
15 lis 2024,Interest earned,,"0,28€","5 451,37€"
16 lis 2024,Interest earned,,"0,27€","5 451,64€"
17 lis 2024,Interest earned,,"0,28€","5 451,92€"
18 lis 2024,Interest earned,,"0,27€","5 452,19€"
19 lis 2024,Interest earned,,"0,28€","5 452,47€"
20 lis 2024,Interest earned,,"0,27€","5 452,74€"
20 lis 2024,Withdrawing savings,"5 452,74€",,0€

Transactions for Savings Accounts - PLN
Date,Description,Money out,Money in,Balance
1 sty 2024,Interest earned,,"0,83 PLN","10 131,33 PLN"
2 sty 2024,Interest earned,,"0,83 PLN","10 132,16 PLN"
2 sty 2024,Depositing savings,,400 PLN,"10 532,16 PLN"
3 sty 2024,Interest earned,,"0,83 PLN","10 532,99 PLN"
4 sty 2024,Interest earned,,"0,86 PLN","10 533,85 PLN"
5 sty 2024,Interest earned,,"0,87 PLN","10 534,72 PLN"
6 sty 2024,Interest earned,,"0,86 PLN","10 535,58 PLN"
7 sty 2024,Interest earned,,"0,86 PLN","10 536,44 PLN"
8 sty 2024,Interest earned,,"0,87 PLN","10 537,31 PLN"
9 sty 2024,Interest earned,,"0,86 PLN","10 538,17 PLN"
10 sty 2024,Interest earned,,"0,87 PLN","10 539,04 PLN"
11 sty 2024,Interest earned,,"0,86 PLN","10 539,90 PLN"
12 sty 2024,Interest earned,,"0,86 PLN","10 540,76 PLN"
13 sty 2024,Interest earned,,"0,87 PLN","10 541,63 PLN"
14 sty 2024,Interest earned,,"0,86 PLN","10 542,49 PLN"
15 sty 2024,Interest earned,,"0,87 PLN","10 543,36 PLN"
16 sty 2024,Interest earned,,"0,86 PLN","10 544,22 PLN"
17 sty 2024,Interest earned,,"0,86 PLN","10 545,08 PLN"
18 sty 2024,Interest earned,,"0,87 PLN","10 545,95 PLN"
19 sty 2024,Interest earned,,"0,86 PLN","10 546,81 PLN"
20 sty 2024,Interest earned,,"0,87 PLN","10 547,68 PLN"
20 sty 2024,Withdrawing savings,47 PLN,,"10 500,68 PLN"
21 sty 2024,Interest earned,,"0,86 PLN","10 501,54 PLN"
21 sty 2024,Withdrawing savings,300 PLN,,"10 201,54 PLN"
22 sty 2024,Interest earned,,"0,87 PLN","10 202,41 PLN"
23 sty 2024,Interest earned,,"0,83 PLN","10 203,24 PLN"
24 sty 2024,Interest earned,,"0,84 PLN","10 204,08 PLN"
25 sty 2024,Interest earned,,"0,84 PLN","10 204,92 PLN"
26 sty 2024,Interest earned,,"0,83 PLN","10 205,75 PLN"
27 sty 2024,Interest earned,,"0,84 PLN","10 206,59 PLN"
28 sty 2024,Interest earned,,"0,83 PLN","10 207,42 PLN"
29 sty 2024,Interest earned,,"0,84 PLN","10 208,26 PLN"
30 sty 2024,Interest earned,,"0,84 PLN","10 209,10 PLN"
31 sty 2024,Interest earned,,"0,84 PLN","10 209,94 PLN"
1 lut 2024,Interest earned,,"0,83 PLN","10 210,77 PLN"
1 lut 2024,Depositing savings,,500 PLN,"10 710,77 PLN"
2 lut 2024,Interest earned,,"0,84 PLN","10 711,61 PLN"
3 lut 2024,Interest earned,,"0,88 PLN","10 712,49 PLN"
4 lut 2024,Interest earned,,"0,88 PLN","10 713,37 PLN"
5 lut 2024,Interest earned,,"0,87 PLN","10 714,24 PLN"
6 lut 2024,Interest earned,,"0,88 PLN","10 715,12 PLN"
7 lut 2024,Interest earned,,"0,88 PLN",10 716 PLN
8 lut 2024,Interest earned,,"0,88 PLN","10 716,88 PLN"
9 lut 2024,Interest earned,,"0,88 PLN","10 717,76 PLN"
10 lut 2024,Interest earned,,"0,87 PLN","10 718,63 PLN"
11 lut 2024,Interest earned,,"0,88 PLN","10 719,51 PLN"
12 lut 2024,Interest earned,,"0,88 PLN","10 720,39 PLN"
13 lut 2024,Interest earned,,"0,88 PLN","10 721,27 PLN"
13 lut 2024,Depositing savings,,900 PLN,"11 621,27 PLN"
14 lut 2024,Interest earned,,"0,88 PLN","11 622,15 PLN"
15 lut 2024,Interest earned,,"0,95 PLN","11 623,10 PLN"
16 lut 2024,Interest earned,,"0,96 PLN","11 624,06 PLN"
17 lut 2024,Interest earned,,"0,95 PLN","11 625,01 PLN"
18 lut 2024,Interest earned,,"0,95 PLN","11 625,96 PLN"
19 lut 2024,Interest earned,,"0,95 PLN","11 626,91 PLN"
19 lut 2024,Withdrawing savings,100 PLN,,"11 526,91 PLN"
20 lut 2024,Interest earned,,"0,96 PLN","11 527,87 PLN"
21 lut 2024,Interest earned,,"0,94 PLN","11 528,81 PLN"
22 lut 2024,Interest earned,,"0,95 PLN","11 529,76 PLN"
23 lut 2024,Interest earned,,"0,94 PLN","11 530,70 PLN"
24 lut 2024,Interest earned,,"0,95 PLN","11 531,65 PLN"
25 lut 2024,Interest earned,,"0,94 PLN","11 532,59 PLN"
26 lut 2024,Interest earned,,"0,95 PLN","11 533,54 PLN"
27 lut 2024,Interest earned,,"0,94 PLN","11 534,48 PLN"
28 lut 2024,Interest earned,,"0,95 PLN","11 535,43 PLN"
29 lut 2024,Interest earned,,"0,94 PLN","11 536,37 PLN"
1 mar 2024,Interest earned,,"0,95 PLN","11 537,32 PLN"
1 mar 2024,Depositing savings,,600 PLN,"12 137,32 PLN"
2 mar 2024,Interest earned,,"0,94 PLN","12 138,26 PLN"
3 mar 2024,Interest earned,,"0,95 PLN","12 139,21 PLN"
4 mar 2024,Interest earned,,"0,95 PLN","12 140,16 PLN"
4 mar 2024,Depositing savings,,100 PLN,"12 240,16 PLN"
5 mar 2024,Interest earned,,"0,99 PLN","12 241,15 PLN"
6 mar 2024,Interest earned,,1 PLN,"12 242,15 PLN"
7 mar 2024,Interest earned,,"1,01 PLN","12 243,16 PLN"
8 mar 2024,Interest earned,,1 PLN,"12 244,16 PLN"
9 mar 2024,Interest earned,,"1,01 PLN","12 245,17 PLN"
10 mar 2024,Interest earned,,1 PLN,"12 246,17 PLN"
11 mar 2024,Interest earned,,1 PLN,"12 247,17 PLN"
11 mar 2024,Depositing savings,,100 PLN,"12 347,17 PLN"
12 mar 2024,Interest earned,,"1,01 PLN","12 348,18 PLN"
13 mar 2024,Interest earned,,"1,01 PLN","12 349,19 PLN"
14 mar 2024,Interest earned,,"1,01 PLN","12 350,20 PLN"
15 mar 2024,Interest earned,,"1,01 PLN","12 351,21 PLN"
16 mar 2024,Interest earned,,"1,02 PLN","12 352,23 PLN"
17 mar 2024,Interest earned,,"1,01 PLN","12 353,24 PLN"
18 mar 2024,Interest earned,,"1,01 PLN","12 354,25 PLN"
19 mar 2024,Interest earned,,"1,01 PLN","12 355,26 PLN"
20 mar 2024,Interest earned,,"1,02 PLN","12 356,28 PLN"
21 mar 2024,Interest earned,,"1,01 PLN","12 357,29 PLN"
22 mar 2024,Interest earned,,"1,01 PLN","12 358,30 PLN"
23 mar 2024,Interest earned,,"1,02 PLN","12 359,32 PLN"
24 mar 2024,Interest earned,,"1,01 PLN","12 360,33 PLN"
25 mar 2024,Interest earned,,"1,01 PLN","12 361,34 PLN"
26 mar 2024,Interest earned,,"1,01 PLN","12 362,35 PLN"
27 mar 2024,Interest earned,,"1,02 PLN","12 363,37 PLN"
28 mar 2024,Interest earned,,"1,01 PLN","12 364,38 PLN"
29 mar 2024,Interest earned,,"1,01 PLN","12 365,39 PLN"
30 mar 2024,Interest earned,,"1,02 PLN","12 366,41 PLN"
31 mar 2024,Interest earned,,"1,01 PLN","12 367,42 PLN"
1 kwi 2024,Interest earned,,"1,02 PLN","12 368,44 PLN"
2 kwi 2024,Interest earned,,"1,01 PLN","12 369,45 PLN"
2 kwi 2024,Depositing savings,,450 PLN,"12 819,45 PLN"
3 kwi 2024,Interest earned,,"1,01 PLN","12 820,46 PLN"
4 kwi 2024,Interest earned,,"1,05 PLN","12 821,51 PLN"
5 kwi 2024,Interest earned,,"1,06 PLN","12 822,57 PLN"
6 kwi 2024,Interest earned,,"1,05 PLN","12 823,62 PLN"
7 kwi 2024,Interest earned,,"1,05 PLN","12 824,67 PLN"
8 kwi 2024,Interest earned,,"1,05 PLN","12 825,72 PLN"
9 kwi 2024,Interest earned,,"1,05 PLN","12 826,77 PLN"
10 kwi 2024,Interest earned,,"1,05 PLN","12 827,82 PLN"
11 kwi 2024,Interest earned,,"1,05 PLN","12 828,87 PLN"
12 kwi 2024,Interest earned,,"1,14 PLN","12 830,01 PLN"
13 kwi 2024,Interest earned,,"1,14 PLN","12 831,15 PLN"
14 kwi 2024,Interest earned,,"1,14 PLN","12 832,29 PLN"
15 kwi 2024,Interest earned,,"1,14 PLN","12 833,43 PLN"
16 kwi 2024,Interest earned,,"1,14 PLN","12 834,57 PLN"
17 kwi 2024,Interest earned,,"1,14 PLN","12 835,71 PLN"
18 kwi 2024,Interest earned,,"1,14 PLN","12 836,85 PLN"
18 kwi 2024,Depositing savings,,500 PLN,"13 336,85 PLN"
19 kwi 2024,Interest earned,,"1,14 PLN","13 337,99 PLN"
19 kwi 2024,Depositing savings,,200 PLN,"13 537,99 PLN"
20 kwi 2024,Interest earned,,"1,18 PLN","13 539,17 PLN"
21 kwi 2024,Interest earned,,"1,19 PLN","13 540,36 PLN"
22 kwi 2024,Interest earned,,"1,18 PLN","13 541,54 PLN"
22 kwi 2024,Depositing savings,,100 PLN,"13 641,54 PLN"
23 kwi 2024,Interest earned,,"1,20 PLN","13 642,74 PLN"
24 kwi 2024,Interest earned,,"1,22 PLN","13 643,96 PLN"
25 kwi 2024,Interest earned,,"1,21 PLN","13 645,17 PLN"
26 kwi 2024,Interest earned,,"1,21 PLN","13 646,38 PLN"
27 kwi 2024,Interest earned,,"1,21 PLN","13 647,59 PLN"
28 kwi 2024,Interest earned,,"1,21 PLN","13 648,80 PLN"
29 kwi 2024,Interest earned,,"1,22 PLN","13 650,02 PLN"
30 kwi 2024,Interest earned,,"1,21 PLN","13 651,23 PLN"
1 maj 2024,Interest earned,,"1,21 PLN","13 652,44 PLN"
1 maj 2024,Withdrawing savings,16 PLN,,"13 636,44 PLN"
2 maj 2024,Interest earned,,"1,21 PLN","13 637,65 PLN"
2 maj 2024,Depositing savings,,500 PLN,"14 137,65 PLN"
3 maj 2024,Interest earned,,"1,21 PLN","14 138,86 PLN"
4 maj 2024,Interest earned,,"1,21 PLN","14 140,07 PLN"
5 maj 2024,Interest earned,,"1,21 PLN","14 141,28 PLN"
6 maj 2024,Interest earned,,"1,22 PLN","14 142,50 PLN"
7 maj 2024,Interest earned,,"1,25 PLN","14 143,75 PLN"
8 maj 2024,Interest earned,,"1,26 PLN","14 145,01 PLN"
9 maj 2024,Interest earned,,"1,25 PLN","14 146,26 PLN"
10 maj 2024,Interest earned,,"1,26 PLN","14 147,52 PLN"
11 maj 2024,Interest earned,,"1,26 PLN","14 148,78 PLN"
11 maj 2024,Withdrawing savings,26 PLN,,"14 122,78 PLN"
12 maj 2024,Interest earned,,"1,25 PLN","14 124,03 PLN"
13 maj 2024,Interest earned,,"1,26 PLN","14 125,29 PLN"
14 maj 2024,Interest earned,,"1,25 PLN","14 126,54 PLN"
15 maj 2024,Interest earned,,"1,26 PLN","14 127,80 PLN"
16 maj 2024,Interest earned,,"1,25 PLN","14 129,05 PLN"
17 maj 2024,Interest earned,,"1,26 PLN","14 130,31 PLN"
18 maj 2024,Interest earned,,"1,25 PLN","14 131,56 PLN"
19 maj 2024,Interest earned,,"1,26 PLN","14 132,82 PLN"
20 maj 2024,Interest earned,,"1,25 PLN","14 134,07 PLN"
21 maj 2024,Interest earned,,"1,26 PLN","14 135,33 PLN"
22 maj 2024,Interest earned,,"1,25 PLN","14 136,58 PLN"
23 maj 2024,Interest earned,,"1,26 PLN","14 137,84 PLN"
24 maj 2024,Interest earned,,"1,25 PLN","14 139,09 PLN"
25 maj 2024,Interest earned,,"1,26 PLN","14 140,35 PLN"
26 maj 2024,Interest earned,,"1,25 PLN","14 141,60 PLN"
26 maj 2024,Withdrawing savings,50 PLN,,"14 091,60 PLN"
27 maj 2024,Interest earned,,"1,26 PLN","14 092,86 PLN"
28 maj 2024,Interest earned,,"1,25 PLN","14 094,11 PLN"
29 maj 2024,Interest earned,,"1,25 PLN","14 095,36 PLN"
30 maj 2024,Interest earned,,"1,25 PLN","14 096,61 PLN"
30 maj 2024,Withdrawing savings,2 000 PLN,,"12 096,61 PLN"
31 maj 2024,Interest earned,,"1,26 PLN","12 097,87 PLN"
1 cze 2024,Interest earned,,"1,07 PLN","12 098,94 PLN"
1 cze 2024,Withdrawing savings,300 PLN,,"11 798,94 PLN"
2 cze 2024,Interest earned,,"1,07 PLN","11 800,01 PLN"
3 cze 2024,Interest earned,,"1,08 PLN","11 801,09 PLN"
3 cze 2024,Depositing savings,,450 PLN,"12 251,09 PLN"
3 cze 2024,Withdrawing savings,100 PLN,,"12 151,09 PLN"
4 cze 2024,Interest earned,,"1,05 PLN","12 152,14 PLN"
5 cze 2024,Interest earned,,"1,08 PLN","12 153,22 PLN"
6 cze 2024,Interest earned,,"1,08 PLN","12 154,30 PLN"
7 cze 2024,Interest earned,,"1,07 PLN","12 155,37 PLN"
8 cze 2024,Interest earned,,"1,08 PLN","12 156,45 PLN"
9 cze 2024,Interest earned,,"1,08 PLN","12 157,53 PLN"
10 cze 2024,Interest earned,,"1,08 PLN","12 158,61 PLN"
11 cze 2024,Interest earned,,"1,08 PLN","12 159,69 PLN"
12 cze 2024,Interest earned,,"1,08 PLN","12 160,77 PLN"
13 cze 2024,Interest earned,,"1,08 PLN","12 161,85 PLN"
14 cze 2024,Interest earned,,"1,08 PLN","12 162,93 PLN"
15 cze 2024,Interest earned,,"1,08 PLN","12 164,01 PLN"
15 cze 2024,Withdrawing savings,120 PLN,,"12 044,01 PLN"
15 cze 2024,Withdrawing savings,40 PLN,,"12 004,01 PLN"
16 cze 2024,Interest earned,,"1,08 PLN","12 005,09 PLN"
17 cze 2024,Interest earned,,"1,08 PLN","12 006,17 PLN"
18 cze 2024,Interest earned,,"1,07 PLN","12 007,24 PLN"
19 cze 2024,Interest earned,,"1,06 PLN","12 008,30 PLN"
19 cze 2024,Withdrawing savings,100 PLN,,"11 908,30 PLN"
20 cze 2024,Interest earned,,"1,07 PLN","11 909,37 PLN"
20 cze 2024,Withdrawing savings,50 PLN,,"11 859,37 PLN"
21 cze 2024,Interest earned,,"1,06 PLN","11 860,43 PLN"
21 cze 2024,Withdrawing savings,20 PLN,,"11 840,43 PLN"
21 cze 2024,Withdrawing savings,100 PLN,,"11 740,43 PLN"
22 cze 2024,Interest earned,,"1,05 PLN","11 741,48 PLN"
23 cze 2024,Interest earned,,"1,05 PLN","11 742,53 PLN"
24 cze 2024,Interest earned,,"1,05 PLN","11 743,58 PLN"
25 cze 2024,Interest earned,,"1,05 PLN","11 744,63 PLN"
26 cze 2024,Interest earned,,"1,04 PLN","11 745,67 PLN"
27 cze 2024,Interest earned,,"1,04 PLN","11 746,71 PLN"
28 cze 2024,Interest earned,,"1,04 PLN","11 747,75 PLN"
29 cze 2024,Interest earned,,"1,05 PLN","11 748,80 PLN"
30 cze 2024,Interest earned,,"1,04 PLN","11 749,84 PLN"
1 lip 2024,Interest earned,,"1,04 PLN","11 750,88 PLN"
1 lip 2024,Withdrawing savings,100 PLN,,"11 650,88 PLN"
1 lip 2024,Depositing savings,,480 PLN,"12 130,88 PLN"
2 lip 2024,Interest earned,,"1,05 PLN","12 131,93 PLN"
2 lip 2024,Withdrawing savings,100 PLN,,"12 031,93 PLN"
3 lip 2024,Interest earned,,"1,08 PLN","12 033,01 PLN"
3 lip 2024,Withdrawing savings,20 PLN,,"12 013,01 PLN"
4 lip 2024,Interest earned,,"1,07 PLN","12 014,08 PLN"
5 lip 2024,Interest earned,,"1,07 PLN","12 015,15 PLN"
6 lip 2024,Interest earned,,"1,07 PLN","12 016,22 PLN"
7 lip 2024,Interest earned,,"1,06 PLN","12 017,28 PLN"
8 lip 2024,Interest earned,,"1,07 PLN","12 018,35 PLN"
9 lip 2024,Interest earned,,"1,07 PLN","12 019,42 PLN"
10 lip 2024,Interest earned,,"1,07 PLN","12 020,49 PLN"
11 lip 2024,Interest earned,,"1,06 PLN","12 021,55 PLN"
12 lip 2024,Interest earned,,"1,07 PLN","12 022,62 PLN"
13 lip 2024,Interest earned,,"1,07 PLN","12 023,69 PLN"
14 lip 2024,Interest earned,,"1,07 PLN","12 024,76 PLN"
14 lip 2024,Depositing savings,,90 PLN,"12 114,76 PLN"
15 lip 2024,Interest earned,,"1,06 PLN","12 115,82 PLN"
16 lip 2024,Interest earned,,"1,08 PLN","12 116,90 PLN"
17 lip 2024,Interest earned,,"1,07 PLN","12 117,97 PLN"
18 lip 2024,Interest earned,,"1,08 PLN","12 119,05 PLN"
18 lip 2024,Withdrawing savings,100 PLN,,"12 019,05 PLN"
19 lip 2024,Interest earned,,"1,08 PLN","12 020,13 PLN"
20 lip 2024,Interest earned,,"1,06 PLN","12 021,19 PLN"
20 lip 2024,Withdrawing savings,1 300 PLN,,"10 721,19 PLN"
21 lip 2024,Interest earned,,"1,07 PLN","10 722,26 PLN"
22 lip 2024,Interest earned,,"1,07 PLN","10 723,33 PLN"
22 lip 2024,Withdrawing savings,150 PLN,,"10 573,33 PLN"
22 lip 2024,Withdrawing savings,10 PLN,,"10 563,33 PLN"
23 lip 2024,Interest earned,,"0,95 PLN","10 564,28 PLN"
24 lip 2024,Interest earned,,"0,94 PLN","10 565,22 PLN"
25 lip 2024,Interest earned,,"0,94 PLN","10 566,16 PLN"
25 lip 2024,Withdrawing savings,200 PLN,,"10 366,16 PLN"
26 lip 2024,Interest earned,,"0,94 PLN","10 367,10 PLN"
26 lip 2024,Withdrawing savings,10 PLN,,"10 357,10 PLN"
27 lip 2024,Interest earned,,"0,92 PLN","10 358,02 PLN"
27 lip 2024,Depositing savings,,88 PLN,"10 446,02 PLN"
28 lip 2024,Interest earned,,"0,92 PLN","10 446,94 PLN"
29 lip 2024,Interest earned,,"0,92 PLN","10 447,86 PLN"
30 lip 2024,Interest earned,,"0,93 PLN","10 448,79 PLN"
31 lip 2024,Interest earned,,"0,92 PLN","10 449,71 PLN"
1 sie 2024,Interest earned,,"0,93 PLN","10 450,64 PLN"
1 sie 2024,Depositing savings,,500 PLN,"10 950,64 PLN"
2 sie 2024,Interest earned,,"0,93 PLN","10 951,57 PLN"
3 sie 2024,Interest earned,,"0,97 PLN","10 952,54 PLN"
4 sie 2024,Interest earned,,"0,97 PLN","10 953,51 PLN"
5 sie 2024,Interest earned,,"0,98 PLN","10 954,49 PLN"
5 sie 2024,Depositing savings,,79 PLN,"11 033,49 PLN"
6 sie 2024,Interest earned,,"0,97 PLN","11 034,46 PLN"
7 sie 2024,Interest earned,,"0,98 PLN","11 035,44 PLN"
7 sie 2024,Withdrawing savings,70 PLN,,"10 965,44 PLN"
7 sie 2024,Withdrawing savings,10 PLN,,"10 955,44 PLN"
7 sie 2024,Withdrawing savings,10 PLN,,"10 945,44 PLN"
7 sie 2024,Withdrawing savings,100 PLN,,"10 845,44 PLN"
7 sie 2024,Withdrawing savings,25 PLN,,"10 820,44 PLN"
8 sie 2024,Interest earned,,"0,98 PLN","10 821,42 PLN"
8 sie 2024,Withdrawing savings,10 PLN,,"10 811,42 PLN"
9 sie 2024,Interest earned,,"0,96 PLN","10 812,38 PLN"
10 sie 2024,Interest earned,,"0,96 PLN","10 813,34 PLN"
11 sie 2024,Interest earned,,"0,96 PLN","10 814,30 PLN"
11 sie 2024,Withdrawing savings,20 PLN,,"10 794,30 PLN"
12 sie 2024,Interest earned,,"0,96 PLN","10 795,26 PLN"
12 sie 2024,Depositing savings,,79 PLN,"10 874,26 PLN"
13 sie 2024,Interest earned,,"0,96 PLN","10 875,22 PLN"
13 sie 2024,Withdrawing savings,20 PLN,,"10 855,22 PLN"
14 sie 2024,Interest earned,,"0,97 PLN","10 856,19 PLN"
14 sie 2024,Depositing savings,,79 PLN,"10 935,19 PLN"
15 sie 2024,Interest earned,,"0,96 PLN","10 936,15 PLN"
16 sie 2024,Interest earned,,"0,96 PLN","10 937,11 PLN"
17 sie 2024,Interest earned,,"0,98 PLN","10 938,09 PLN"
17 sie 2024,Withdrawing savings,200 PLN,,"10 738,09 PLN"
18 sie 2024,Interest earned,,"0,97 PLN","10 739,06 PLN"
19 sie 2024,Interest earned,,"0,97 PLN","10 740,03 PLN"
19 sie 2024,Withdrawing savings,10 PLN,,"10 730,03 PLN"
19 sie 2024,Depositing savings,,10 PLN,"10 740,03 PLN"
20 sie 2024,Interest earned,,"0,95 PLN","10 740,98 PLN"
20 sie 2024,Withdrawing savings,10 PLN,,"10 730,98 PLN"
21 sie 2024,Interest earned,,"0,96 PLN","10 731,94 PLN"
21 sie 2024,Withdrawing savings,100 PLN,,"10 631,94 PLN"
22 sie 2024,Interest earned,,"0,95 PLN","10 632,89 PLN"
23 sie 2024,Interest earned,,"0,94 PLN","10 633,83 PLN"
24 sie 2024,Interest earned,,"0,95 PLN","10 634,78 PLN"
24 sie 2024,Withdrawing savings,30 PLN,,"10 604,78 PLN"
24 sie 2024,Depositing savings,,11 PLN,"10 615,78 PLN"
25 sie 2024,Interest earned,,"0,94 PLN","10 616,72 PLN"
26 sie 2024,Interest earned,,"0,95 PLN","10 617,67 PLN"
26 sie 2024,Withdrawing savings,50 PLN,,"10 567,67 PLN"
27 sie 2024,Interest earned,,"0,94 PLN","10 568,61 PLN"
27 sie 2024,Withdrawing savings,10 PLN,,"10 558,61 PLN"
28 sie 2024,Interest earned,,"0,94 PLN","10 559,55 PLN"
29 sie 2024,Interest earned,,"0,93 PLN","10 560,48 PLN"
30 sie 2024,Interest earned,,"0,94 PLN","10 561,42 PLN"
30 sie 2024,Withdrawing savings,10 000 PLN,,"561,42 PLN"
31 sie 2024,Interest earned,,"0,94 PLN","562,36 PLN"
31 sie 2024,Withdrawing savings,5 PLN,,"557,36 PLN"
1 wrz 2024,Interest earned,,"0,94 PLN","558,30 PLN"
2 wrz 2024,Interest earned,,"0,94 PLN","559,24 PLN"
2 wrz 2024,Depositing savings,,8 000 PLN,"8 559,24 PLN"
2 wrz 2024,Depositing savings,,2 000 PLN,"10 559,24 PLN"
3 wrz 2024,Interest earned,,"0,05 PLN","10 559,29 PLN"
3 wrz 2024,Withdrawing savings,10 PLN,,"10 549,29 PLN"
3 wrz 2024,Withdrawing savings,10 PLN,,"10 539,29 PLN"
3 wrz 2024,Withdrawing savings,10 PLN,,"10 529,29 PLN"
3 wrz 2024,Withdrawing savings,140 PLN,,"10 389,29 PLN"
3 wrz 2024,Withdrawing savings,30 PLN,,"10 359,29 PLN"
4 wrz 2024,Interest earned,,"0,93 PLN","10 360,22 PLN"
4 wrz 2024,Withdrawing savings,20 PLN,,"10 340,22 PLN"
5 wrz 2024,Interest earned,,"0,92 PLN","10 341,14 PLN"
5 wrz 2024,Withdrawing savings,20 PLN,,"10 321,14 PLN"
6 wrz 2024,Interest earned,,"0,92 PLN","10 322,06 PLN"
6 wrz 2024,Withdrawing savings,10 PLN,,"10 312,06 PLN"
6 wrz 2024,Withdrawing savings,30 PLN,,"10 282,06 PLN"
7 wrz 2024,Interest earned,,"0,92 PLN","10 282,98 PLN"
7 wrz 2024,Withdrawing savings,30 PLN,,"10 252,98 PLN"
7 wrz 2024,Withdrawing savings,10 PLN,,"10 242,98 PLN"
7 wrz 2024,Withdrawing savings,20 PLN,,"10 222,98 PLN"
8 wrz 2024,Interest earned,,"0,91 PLN","10 223,89 PLN"
8 wrz 2024,Withdrawing savings,20 PLN,,"10 203,89 PLN"
9 wrz 2024,Interest earned,,"0,92 PLN","10 204,81 PLN"
10 wrz 2024,Interest earned,,"0,91 PLN","10 205,72 PLN"
10 wrz 2024,Withdrawing savings,30 PLN,,"10 175,72 PLN"
10 wrz 2024,Depositing savings,,20 PLN,"10 195,72 PLN"
11 wrz 2024,Interest earned,,"0,90 PLN","10 196,62 PLN"
11 wrz 2024,Withdrawing savings,50 PLN,,"10 146,62 PLN"
11 wrz 2024,Withdrawing savings,5 PLN,,"10 141,62 PLN"
11 wrz 2024,Withdrawing savings,55 PLN,,"10 086,62 PLN"
11 wrz 2024,Depositing savings,,44 PLN,"10 130,62 PLN"
12 wrz 2024,Interest earned,,"0,91 PLN","10 131,53 PLN"
12 wrz 2024,Withdrawing savings,20 PLN,,"10 111,53 PLN"
13 wrz 2024,Interest earned,,"0,90 PLN","10 112,43 PLN"
13 wrz 2024,Withdrawing savings,10 PLN,,"10 102,43 PLN"
14 wrz 2024,Interest earned,,"0,90 PLN","10 103,33 PLN"
14 wrz 2024,Withdrawing savings,140 PLN,,"9 963,33 PLN"
14 wrz 2024,Withdrawing savings,20 PLN,,"9 943,33 PLN"
14 wrz 2024,Withdrawing savings,20 PLN,,"9 923,33 PLN"
14 wrz 2024,Withdrawing savings,20 PLN,,"9 903,33 PLN"
14 wrz 2024,Depositing savings,,26 PLN,"9 929,33 PLN"
14 wrz 2024,Withdrawing savings,20 PLN,,"9 909,33 PLN"
15 wrz 2024,Interest earned,,"0,89 PLN","9 910,22 PLN"
16 wrz 2024,Interest earned,,"0,90 PLN","9 911,12 PLN"
17 wrz 2024,Interest earned,,"0,88 PLN",9 912 PLN
17 wrz 2024,Withdrawing savings,10 PLN,,9 902 PLN
18 wrz 2024,Interest earned,,"0,88 PLN","9 902,88 PLN"
18 wrz 2024,Withdrawing savings,10 PLN,,"9 892,88 PLN"
19 wrz 2024,Interest earned,,"0,88 PLN","9 893,76 PLN"
19 wrz 2024,Withdrawing savings,50 PLN,,"9 843,76 PLN"
20 wrz 2024,Interest earned,,"0,88 PLN","9 844,64 PLN"
20 wrz 2024,Withdrawing savings,104 PLN,,"9 740,64 PLN"
20 wrz 2024,Withdrawing savings,15 PLN,,"9 725,64 PLN"
20 wrz 2024,Depositing savings,,"8,01 PLN","9 733,65 PLN"
21 wrz 2024,Interest earned,,"0,88 PLN","9 734,53 PLN"
21 wrz 2024,Withdrawing savings,20 PLN,,"9 714,53 PLN"
21 wrz 2024,Withdrawing savings,20 PLN,,"9 694,53 PLN"
21 wrz 2024,Depositing savings,,20 PLN,"9 714,53 PLN"
21 wrz 2024,Depositing savings,,"16,79 PLN","9 731,32 PLN"
22 wrz 2024,Interest earned,,"0,87 PLN","9 732,19 PLN"
22 wrz 2024,Withdrawing savings,50 PLN,,"9 682,19 PLN"
22 wrz 2024,Withdrawing savings,43 PLN,,"9 639,19 PLN"
22 wrz 2024,Depositing savings,,50 PLN,"9 689,19 PLN"
23 wrz 2024,Interest earned,,"0,87 PLN","9 690,06 PLN"
23 wrz 2024,Withdrawing savings,5 PLN,,"9 685,06 PLN"
23 wrz 2024,Depositing savings,,79 PLN,"9 764,06 PLN"
24 wrz 2024,Interest earned,,"0,86 PLN","9 764,92 PLN"
24 wrz 2024,Withdrawing savings,20 PLN,,"9 744,92 PLN"
25 wrz 2024,Interest earned,,"0,87 PLN","9 745,79 PLN"
25 wrz 2024,Withdrawing savings,230 PLN,,"9 515,79 PLN"
25 wrz 2024,Depositing savings,,"6,01 PLN","9 521,80 PLN"
26 wrz 2024,Interest earned,,"0,87 PLN","9 522,67 PLN"
26 wrz 2024,Withdrawing savings,60 PLN,,"9 462,67 PLN"
26 wrz 2024,Withdrawing savings,20 PLN,,"9 442,67 PLN"
26 wrz 2024,Depositing savings,,"9,01 PLN","9 451,68 PLN"
26 wrz 2024,Withdrawing savings,20 PLN,,"9 431,68 PLN"
26 wrz 2024,Withdrawing savings,20 PLN,,"9 411,68 PLN"
27 wrz 2024,Interest earned,,"0,84 PLN","9 412,52 PLN"
28 wrz 2024,Interest earned,,"0,84 PLN","9 413,36 PLN"
28 wrz 2024,Withdrawing savings,75 PLN,,"9 338,36 PLN"
28 wrz 2024,Depositing savings,,"6,12 PLN","9 344,48 PLN"
28 wrz 2024,Withdrawing savings,47 PLN,,"9 297,48 PLN"
28 wrz 2024,Withdrawing savings,20 PLN,,"9 277,48 PLN"
29 wrz 2024,Interest earned,,"0,83 PLN","9 278,31 PLN"
29 wrz 2024,Withdrawing savings,10 PLN,,"9 268,31 PLN"
30 wrz 2024,Interest earned,,"0,84 PLN","9 269,15 PLN"
30 wrz 2024,Withdrawing savings,20 PLN,,"9 249,15 PLN"
30 wrz 2024,Depositing savings,,79 PLN,"9 328,15 PLN"
1 paź 2024,Interest earned,,"0,82 PLN","9 328,97 PLN"
1 paź 2024,Depositing savings,,200 PLN,"9 528,97 PLN"
1 paź 2024,Depositing savings,,1 800 PLN,"11 328,97 PLN"
1 paź 2024,Withdrawing savings,270 PLN,,"11 058,97 PLN"
1 paź 2024,Depositing savings,,3 PLN,"11 061,97 PLN"
2 paź 2024,Interest earned,,"0,83 PLN","11 062,80 PLN"
2 paź 2024,Depositing savings,,"38,88 PLN","11 101,68 PLN"
2 paź 2024,Withdrawing savings,400 PLN,,"10 701,68 PLN"
2 paź 2024,Depositing savings,,"8,88 PLN","10 710,56 PLN"
3 paź 2024,Interest earned,,"0,98 PLN","10 711,54 PLN"
3 paź 2024,Depositing savings,,"116,99 PLN","10 828,53 PLN"
4 paź 2024,Interest earned,,"0,96 PLN","10 829,49 PLN"
5 paź 2024,Interest earned,,"0,96 PLN","10 830,45 PLN"
5 paź 2024,Withdrawing savings,200 PLN,,"10 630,45 PLN"
6 paź 2024,Interest earned,,"0,96 PLN","10 631,41 PLN"
7 paź 2024,Interest earned,,"0,96 PLN","10 632,37 PLN"
8 paź 2024,Interest earned,,"0,94 PLN","10 633,31 PLN"
8 paź 2024,Withdrawing savings,15 PLN,,"10 618,31 PLN"
9 paź 2024,Interest earned,,"0,95 PLN","10 619,26 PLN"
9 paź 2024,Withdrawing savings,10 PLN,,"10 609,26 PLN"
10 paź 2024,Interest earned,,"0,94 PLN","10 610,20 PLN"
10 paź 2024,Withdrawing savings,20 PLN,,"10 590,20 PLN"
10 paź 2024,Depositing savings,,"2,62 PLN","10 592,82 PLN"
10 paź 2024,Withdrawing savings,50 PLN,,"10 542,82 PLN"
11 paź 2024,Interest earned,,"0,94 PLN","10 543,76 PLN"
11 paź 2024,Withdrawing savings,"0,01 PLN",,"10 543,75 PLN"
12 paź 2024,Interest earned,,"0,94 PLN","10 544,69 PLN"
12 paź 2024,Withdrawing savings,10 PLN,,"10 534,69 PLN"
12 paź 2024,Depositing savings,,"9,81 PLN","10 544,50 PLN"
12 paź 2024,Withdrawing savings,1 PLN,,"10 543,50 PLN"
12 paź 2024,Depositing savings,,"0,90 PLN","10 544,40 PLN"
12 paź 2024,Withdrawing savings,10 PLN,,"10 534,40 PLN"
13 paź 2024,Interest earned,,"0,94 PLN","10 535,34 PLN"
13 paź 2024,Withdrawing savings,20 PLN,,"10 515,34 PLN"
14 paź 2024,Interest earned,,"0,93 PLN","10 516,27 PLN"
14 paź 2024,Withdrawing savings,20 PLN,,"10 496,27 PLN"
14 paź 2024,Withdrawing savings,20 PLN,,"10 476,27 PLN"
14 paź 2024,Depositing savings,,45 PLN,"10 521,27 PLN"
15 paź 2024,Interest earned,,"0,94 PLN","10 522,21 PLN"
16 paź 2024,Interest earned,,"0,93 PLN","10 523,14 PLN"
16 paź 2024,Depositing savings,,"96 359,20 PLN","106 882,34 PLN"
17 paź 2024,Interest earned,,"0,94 PLN","106 883,28 PLN"
18 paź 2024,Interest earned,,"0,93 PLN","106 884,21 PLN"
19 paź 2024,Interest earned,,"9,49 PLN","106 893,70 PLN"
19 paź 2024,Withdrawing savings,20 PLN,,"106 873,70 PLN"
19 paź 2024,Withdrawing savings,20 PLN,,"106 853,70 PLN"
19 paź 2024,Depositing savings,,15 PLN,"106 868,70 PLN"
19 paź 2024,Withdrawing savings,15 PLN,,"106 853,70 PLN"
19 paź 2024,Depositing savings,,"14,44 PLN","106 868,14 PLN"
20 paź 2024,Interest earned,,"9,49 PLN","106 877,63 PLN"
20 paź 2024,Withdrawing savings,15 PLN,,"106 862,63 PLN"
21 paź 2024,Interest earned,,"9,50 PLN","106 872,13 PLN"
22 paź 2024,Interest earned,,"9,49 PLN","106 881,62 PLN"
22 paź 2024,Withdrawing savings,43 PLN,,"106 838,62 PLN"
22 paź 2024,Depositing savings,,"25 987,89 PLN","132 826,51 PLN"
23 paź 2024,Interest earned,,"9,49 PLN",132 836 PLN
23 paź 2024,Withdrawing savings,10 PLN,,132 826 PLN
24 paź 2024,Interest earned,,"11,79 PLN","132 837,79 PLN"
24 paź 2024,Withdrawing savings,10 PLN,,"132 827,79 PLN"
24 paź 2024,Withdrawing savings,7 PLN,,"132 820,79 PLN"
25 paź 2024,Interest earned,,"11,80 PLN","132 832,59 PLN"
25 paź 2024,Depositing savings,,4 PLN,"132 836,59 PLN"
26 paź 2024,Interest earned,,"11,79 PLN","132 848,38 PLN"
26 paź 2024,Withdrawing savings,34 PLN,,"132 814,38 PLN"
26 paź 2024,Depositing savings,,20 PLN,"132 834,38 PLN"
26 paź 2024,Withdrawing savings,50 PLN,,"132 784,38 PLN"
27 paź 2024,Interest earned,,"11,80 PLN","132 796,18 PLN"
27 paź 2024,Withdrawing savings,"144,25 PLN",,"132 651,93 PLN"
28 paź 2024,Interest earned,,"11,80 PLN","132 663,73 PLN"
28 paź 2024,Withdrawing savings,70 000 PLN,,"62 663,73 PLN"
29 paź 2024,Interest earned,,"14,50 PLN","62 678,23 PLN"
30 paź 2024,Interest earned,,"6,85 PLN","62 685,08 PLN"
30 paź 2024,Depositing savings,,79 PLN,"62 764,08 PLN"
31 paź 2024,Interest earned,,"6,85 PLN","62 770,93 PLN"
31 paź 2024,Withdrawing savings,10 PLN,,"62 760,93 PLN"
31 paź 2024,Depositing savings,,"6,51 PLN","62 767,44 PLN"
1 lis 2024,Interest earned,,"6,86 PLN","62 774,30 PLN"
1 lis 2024,Withdrawing savings,392 PLN,,"62 382,30 PLN"
2 lis 2024,Interest earned,,"6,86 PLN","62 389,16 PLN"
2 lis 2024,Depositing savings,,"0,88 PLN","62 390,04 PLN"
3 lis 2024,Interest earned,,"6,86 PLN","62 396,90 PLN"
4 lis 2024,Interest earned,,"6,86 PLN","62 403,76 PLN"
4 lis 2024,Depositing savings,,2 000 PLN,"64 403,76 PLN"
4 lis 2024,Depositing savings,,"38,88 PLN","64 442,64 PLN"
4 lis 2024,Withdrawing savings,10 PLN,,"64 432,64 PLN"
5 lis 2024,Interest earned,,"6,82 PLN","64 439,46 PLN"
6 lis 2024,Interest earned,,"7,04 PLN","64 446,50 PLN"
6 lis 2024,Depositing savings,,"28 352,32 PLN","92 798,82 PLN"
6 lis 2024,Depositing savings,,"0,34 PLN","92 799,16 PLN"
7 lis 2024,Interest earned,,"7,05 PLN","92 806,21 PLN"
8 lis 2024,Interest earned,,"10,14 PLN","92 816,35 PLN"
9 lis 2024,Interest earned,,"10,14 PLN","92 826,49 PLN"
9 lis 2024,Depositing savings,,"41,22 PLN","92 867,71 PLN"
9 lis 2024,Depositing savings,,"3,42 PLN","92 871,13 PLN"
9 lis 2024,Depositing savings,,11 PLN,"92 882,13 PLN"
10 lis 2024,Interest earned,,"10,15 PLN","92 892,28 PLN"
11 lis 2024,Interest earned,,"10,15 PLN","92 902,43 PLN"
11 lis 2024,Depositing savings,,79 PLN,"92 981,43 PLN"
12 lis 2024,Interest earned,,"10,14 PLN","92 991,57 PLN"
12 lis 2024,Depositing savings,,9 960 PLN,"102 951,57 PLN"
13 lis 2024,Interest earned,,"10,17 PLN","102 961,74 PLN"
14 lis 2024,Interest earned,,"11,25 PLN","102 972,99 PLN"
15 lis 2024,Interest earned,,"11,25 PLN","102 984,24 PLN"
16 lis 2024,Interest earned,,"11,26 PLN","102 995,50 PLN"
17 lis 2024,Interest earned,,"11,25 PLN","103 006,75 PLN"
18 lis 2024,Interest earned,,"11,26 PLN","103 018,01 PLN"
18 lis 2024,Depositing savings,,"771,89 PLN","103 789,90 PLN"
19 lis 2024,Interest earned,,"11,26 PLN","103 801,16 PLN"
20 lis 2024,Interest earned,,"11,34 PLN","103 812,50 PLN"
20 lis 2024,Depositing savings,,"23 285,09 PLN","127 097,59 PLN"
21 lis 2024,Interest earned,,"13,89 PLN","127 111,48 PLN"
21 lis 2024,Withdrawing savings,300 PLN,,"126 811,48 PLN"
21 lis 2024,Depositing savings,,270 PLN,"127 081,48 PLN"
21 lis 2024,Withdrawing savings,100 PLN,,"126 981,48 PLN"
21 lis 2024,Withdrawing savings,70 PLN,,"126 911,48 PLN"
22 lis 2024,Interest earned,,"13,90 PLN","126 925,38 PLN"
23 lis 2024,Interest earned,,"13,87 PLN","126 939,25 PLN"
23 lis 2024,Withdrawing savings,100 PLN,,"126 839,25 PLN"
24 lis 2024,Interest earned,,"13,87 PLN","126 853,12 PLN"
24 lis 2024,Withdrawing savings,221 PLN,,"126 632,12 PLN"
24 lis 2024,Withdrawing savings,100 PLN,,"126 532,12 PLN"
24 lis 2024,Depositing savings,,84 PLN,"126 616,12 PLN"
25 lis 2024,Interest earned,,"13,88 PLN",126 630 PLN
26 lis 2024,Interest earned,,"13,84 PLN","126 643,84 PLN"
26 lis 2024,Withdrawing savings,100 PLN,,"126 543,84 PLN"
26 lis 2024,Depositing savings,,"16 344,73 PLN","142 888,57 PLN"
27 lis 2024,Interest earned,,"13,83 PLN","142 902,40 PLN"
27 lis 2024,Withdrawing savings,142 902 PLN,,"0,40 PLN"
27 lis 2024,Depositing savings,,"705,91 PLN","706,31 PLN"
29 lis 2024,Interest earned,,"0,07 PLN","706,38 PLN"
29 lis 2024,Depositing savings,,"777,18 PLN","1 483,56 PLN"
30 lis 2024,Interest earned,,"0,08 PLN","1 483,64 PLN"
30 lis 2024,Withdrawing savings,200 PLN,,"1 283,64 PLN"
30 lis 2024,Depositing savings,,52 PLN,"1 335,64 PLN"
30 lis 2024,Withdrawing savings,310 PLN,,"1 025,64 PLN"
30 lis 2024,Depositing savings,,310 PLN,"1 335,64 PLN"
30 lis 2024,Withdrawing savings,360 PLN,,"975,64 PLN"
30 lis 2024,Depositing savings,,"4,50 PLN","980,14 PLN"
30 lis 2024,Depositing savings,,100 PLN,"1 080,14 PLN"
30 lis 2024,Depositing savings,,"0,01 PLN","1 080,15 PLN"
1 gru 2024,Interest earned,,"0,08 PLN","1 080,23 PLN"
1 gru 2024,Withdrawing savings,"391,12 PLN",,"689,11 PLN"
1 gru 2024,Withdrawing savings,200 PLN,,"489,11 PLN"
1 gru 2024,Depositing savings,,60 PLN,"549,11 PLN"
2 gru 2024,Interest earned,,"0,07 PLN","549,18 PLN"
2 gru 2024,Withdrawing savings,4 PLN,,"545,18 PLN"
2 gru 2024,Depositing savings,,"0,82 PLN",546 PLN
2 gru 2024,Depositing savings,,2 000 PLN,2 546 PLN
3 gru 2024,Interest earned,,"0,08 PLN","2 546,08 PLN"
3 gru 2024,Withdrawing savings,22 PLN,,"2 524,08 PLN"
4 gru 2024,Interest earned,,"0,28 PLN","2 524,36 PLN"
4 gru 2024,Depositing savings,,22 PLN,"2 546,36 PLN"
5 gru 2024,Interest earned,,"0,28 PLN","2 546,64 PLN"
5 gru 2024,Withdrawing savings,"115,21 PLN",,"2 431,43 PLN"
6 gru 2024,Interest earned,,"0,28 PLN","2 431,71 PLN"
6 gru 2024,Depositing savings,,"767,70 PLN","3 199,41 PLN"
7 gru 2024,Interest earned,,"0,26 PLN","3 199,67 PLN"
8 gru 2024,Interest earned,,"0,27 PLN","3 199,94 PLN"
9 gru 2024,Interest earned,,"0,26 PLN","3 200,20 PLN"
10 gru 2024,Interest earned,,"0,35 PLN","3 200,55 PLN"
11 gru 2024,Interest earned,,"0,35 PLN","3 200,90 PLN"
12 gru 2024,Interest earned,,"0,35 PLN","3 201,25 PLN"
13 gru 2024,Interest earned,,"0,35 PLN","3 201,60 PLN"
14 gru 2024,Interest earned,,"0,35 PLN","3 201,95 PLN"
15 gru 2024,Interest earned,,"0,35 PLN","3 202,30 PLN"
15 gru 2024,Withdrawing savings,20 PLN,,"3 182,30 PLN"
16 gru 2024,Interest earned,,"0,35 PLN","3 182,65 PLN"
17 gru 2024,Interest earned,,"0,35 PLN",3 183 PLN
17 gru 2024,Depositing savings,,"763,26 PLN","3 946,26 PLN"
18 gru 2024,Interest earned,,"0,35 PLN","3 946,61 PLN"
19 gru 2024,Interest earned,,"0,43 PLN","3 947,04 PLN"
19 gru 2024,Withdrawing savings,100 PLN,,"3 847,04 PLN"
19 gru 2024,Depositing savings,,107 PLN,"3 954,04 PLN"
20 gru 2024,Interest earned,,"0,43 PLN","3 954,47 PLN"
21 gru 2024,Interest earned,,"0,43 PLN","3 954,90 PLN"
22 gru 2024,Interest earned,,"0,44 PLN","3 955,34 PLN"
22 gru 2024,Withdrawing savings,49 PLN,,"3 906,34 PLN"
22 gru 2024,Withdrawing savings,260 PLN,,"3 646,34 PLN"
22 gru 2024,Withdrawing savings,75 PLN,,"3 571,34 PLN"
22 gru 2024,Depositing savings,,"1,25 PLN","3 572,59 PLN"
23 gru 2024,Interest earned,,"0,43 PLN","3 573,02 PLN"
23 gru 2024,Depositing savings,,100 PLN,"3 673,02 PLN"
23 gru 2024,Depositing savings,,"65,42 PLN","3 738,44 PLN"
23 gru 2024,Depositing savings,,206 PLN,"3 944,44 PLN"
24 gru 2024,Interest earned,,"0,39 PLN","3 944,83 PLN"
25 gru 2024,Interest earned,,"0,43 PLN","3 945,26 PLN"
25 gru 2024,Withdrawing savings,"3,99 PLN",,"3 941,27 PLN"
26 gru 2024,Interest earned,,"0,43 PLN","3 941,70 PLN"
27 gru 2024,Interest earned,,"0,43 PLN","3 942,13 PLN"
28 gru 2024,Interest earned,,"0,43 PLN","3 942,56 PLN"
29 gru 2024,Interest earned,,"0,43 PLN","3 942,99 PLN"
29 gru 2024,Withdrawing savings,20 PLN,,"3 922,99 PLN"
30 gru 2024,Interest earned,,"0,43 PLN","3 923,42 PLN"
30 gru 2024,Withdrawing savings,11 PLN,,"3 912,42 PLN"
30 gru 2024,Withdrawing savings,20 PLN,,"3 892,42 PLN"
30 gru 2024,Withdrawing savings,132 PLN,,"3 760,42 PLN"
30 gru 2024,Depositing savings,,"0,02 PLN","3 760,44 PLN"
31 gru 2024,Interest earned,,"0,43 PLN","3 760,87 PLN"
